@InProceedings{Zinc,
  author = 	 {Xavier Leroy},
  title = 	 {From krivineâ€™s machine to the caml implementations},
  booktitle = 	 {Transparents de cours},
  year = 	 2016}

